<record><leader>00000cas a22000007a 4500</leader><controlfield tag="001">29961575</controlfield><controlfield tag="008">940314d189u1898mouwr ne      0    0eng d</controlfield><datafield ind1=" " ind2=" " tag="010"><subfield code="a">sn 94055142 </subfield></datafield><datafield ind1=" " ind2=" " tag="040"><subfield code="a">MQN</subfield><subfield code="b">eng</subfield><subfield code="c">MQN</subfield><subfield code="d">OCLCQ</subfield><subfield code="d">OCLCF</subfield><subfield code="d">OCLCO</subfield></datafield><datafield ind1="1" ind2=" " tag="029"><subfield code="a">AU@</subfield><subfield code="b">000025887576</subfield></datafield><datafield ind1=" " ind2=" " tag="042"><subfield code="a">msc</subfield></datafield><datafield ind1=" " ind2=" " tag="043"><subfield code="a">n-us-mo</subfield></datafield><datafield ind1="0" ind2="0" tag="245"><subfield code="a">Warrensburg journal-Democrat.</subfield></datafield><datafield ind1=" " ind2=" " tag="260"><subfield code="a">Warrensburg, Mo. :</subfield><subfield code="b">Charles J. Hynes</subfield></datafield><datafield ind1=" " ind2=" " tag="300"><subfield code="a">v.</subfield></datafield><datafield ind1=" " ind2=" " tag="310"><subfield code="a">Weekly</subfield></datafield><datafield ind1="0" ind2=" " tag="362"><subfield code="a">-v. 17, no. 29 (June 3, 1892) ; v. 27, no. 30 (June 10, 1892)-v. 33, no. 33 (July 1, 1898).</subfield></datafield><datafield ind1=" " ind2=" " tag="588"><subfield code="a">Description based on: Vol. 16, no. 38 (Aug. 7, 1891).</subfield></datafield><datafield ind1=" " ind2="0" tag="651"><subfield code="a">Warrensburg (Mo.)</subfield><subfield code="v">Newspapers.</subfield></datafield><datafield ind1=" " ind2="7" tag="655"><subfield code="a">Newspapers.</subfield><subfield code="2">fast</subfield><subfield code="0">(OCoLC)fst01423814</subfield></datafield><datafield ind1=" " ind2="7" tag="651"><subfield code="a">Missouri</subfield><subfield code="z">Warrensburg.</subfield><subfield code="2">fast</subfield><subfield code="0">(OCoLC)fst01214703</subfield></datafield><datafield ind1=" " ind2=" " tag="752"><subfield code="a">United States</subfield><subfield code="b">Missouri</subfield><subfield code="c">Johnson</subfield><subfield code="d">Warrensburg.</subfield></datafield><datafield ind1="0" ind2="0" tag="780"><subfield code="t">Journal-Democrat (Warrensburg, Mo. : 1876)</subfield><subfield code="w">(DLC)sn 90061884</subfield></datafield><datafield ind1="0" ind2="0" tag="785"><subfield code="t">Journal-Democrat (Warrensburg, Mo. : 1898)</subfield><subfield code="w">(DLC)sn 94055143</subfield></datafield></record>